@phdthesis{Garrod20,
  title={Influence and ensemble variability in unobserved networks},
  author={Garrod, Matthew},
  year={2020},
 school={Imperial College London},
}

@article{Daraganova12,
  title={Networks and geography: Modelling community network structures as the outcome of both spatial and network processes},
  author={Daraganova, Galina and Pattison, Pip and Koskinen, Johan and Mitchell, Bill and Bill, Anthea and Watts, Martin and Baum, Scott},
  journal={Social networks},
  volume={34},
  number={1},
  pages={6--17},
  year={2012},
  publisher={Elsevier}
}

@article{Hoff02,
  title={Latent space approaches to social network analysis},
  author={Hoff, Peter D and Raftery, Adrian E and Handcock, Mark S},
  journal={Journal of the american Statistical association},
  volume={97},
  number={460},
  pages={1090--1098},
  year={2002},
  publisher={Taylor \& Francis}
}

@article{Hoffmann20,
  title={Inference of a universal social scale and segregation measures using social connectivity kernels},
  author={Hoffmann, Till and Jones, Nick S},
  journal={Journal of the Royal Society Interface},
  volume={17},
  number={171},
  pages={20200638},
  year={2020},
  publisher={The Royal Society}
}

@article{Butts12,
  title={Geographical variability and network structure},
  author={Butts, Carter T and Acton, Ryan M and Hipp, John R and Nagle, Nicholas N},
  journal={Social Networks},
  volume={34},
  number={1},
  pages={82--100},
  year={2012},
  publisher={Elsevier}
}

@article{Karrer11,
  title={Stochastic blockmodels and community structure in networks},
  author={Karrer, Brian and Newman, Mark EJ},
  journal={Physical review E},
  volume={83},
  number={1},
  pages={016107},
  year={2011},
  publisher={APS}
}